<?xml version="1.0" encoding="UTF-8"?><collection xmlns="http://www.loc.gov/MARC21/slim"><record><leader>00544nam--2200193-u-4500</leader><controlfield tag="001">000051487</controlfield><controlfield tag="002">20161230</controlfield><controlfield tag="005">20190809051008</controlfield><controlfield tag="008">080722s1000------------r-----000-0-eng-d</controlfield><datafield ind1=" " ind2=" " tag="020"><subfield code="a">0849328764</subfield></datafield><datafield ind1=" " ind2=" " tag="040"><subfield code="a">IFIN-HH</subfield></datafield><datafield ind1=" " ind2=" " tag="080"><subfield code="a">517.58</subfield></datafield><datafield ind1="1" ind2=" " tag="100"><subfield code="a">Polyanin, Andrei D. ; Manzhirov, Alexander V</subfield></datafield><datafield ind1="1" ind2="0" tag="245"><subfield code="a">Handbook of Integral Equations</subfield><subfield code="c">Andrei D. Polyanin; Alexander V. Manzhirov</subfield></datafield><datafield ind1=" " ind2=" " tag="260"><subfield code="a">London</subfield><subfield code="b">CRC Press</subfield><subfield code="c">1998</subfield></datafield><datafield ind1=" " ind2=" " tag="300"><subfield code="a">787p</subfield></datafield><datafield ind1="1" ind2=" " tag="700"><subfield code="a">Manzhirov, Alexander V</subfield></datafield><datafield ind1=" " ind2=" " tag="852"><subfield code="a">81388</subfield><subfield code="c">517.2/3</subfield></datafield><datafield ind1=" " ind2=" " tag="CAT"><subfield code="a">SYS</subfield><subfield code="c">20190809</subfield><subfield code="h">051008</subfield></datafield></record></collection>